<?xml version="1.0" encoding="utf-8"?>
<record xmlns="http://www.loc.gov/MARC21/slim" xmlns:xsi="http://www.w3.org/2001/XMLSchema-instance" xsi:schemaLocation="http://www.loc.gov/MARC21/slim http://www.loc.gov/standards/marcxml/schema/MARC21slim.xsd">
	<leader>     nam a22        4500</leader>
	<controlfield tag="001">8864344</controlfield>
	<controlfield tag="003">NNC</controlfield>
	<controlfield tag="006">m        d        </controlfield>
	<controlfield tag="007">cr cn |||m|||a</controlfield>
	<controlfield tag="008">171205m19321933le ac   ob    000 0 ara d</controlfield>
	<datafield ind1=" " ind2=" " tag="040">
		<subfield code="a">NNU</subfield>
		<subfield code="b">eng</subfield>
		<subfield code="e">rda</subfield>
		<subfield code="c">NNU</subfield>
	</datafield>
	<datafield ind1=" " ind2="4" tag="050">
		<subfield code="a">PJ7701</subfield>
		<subfield code="b">.A24 1932</subfield>
	</datafield>
	<datafield ind1="1" ind2=" " tag="100">
		<subfield code="6">880-01</subfield>
		<subfield code="a">Farrūkh, ʻUmar,</subfield>
		<subfield code="d">1906-1987.</subfield>
	</datafield>
	<datafield ind1="1" ind2="0" tag="245">
		<subfield code="6">880-02</subfield>
		<subfield code="a">Abū Nuwās :</subfield>
		<subfield code="b">shāʻir Hārūn al-Rashīd wa-Muḥammad al-Amīn /</subfield>
		<subfield code="c">taʼlīf ʻUmar Farrūkh.</subfield>
	</datafield>
	<datafield ind1=" " ind2=" " tag="260">
		<subfield code="6">880-03</subfield>
		<subfield code="a">Bayrūt :</subfield>
		<subfield code="b">Maktabat al-Kashshāf,</subfield>
		<subfield code="c">1932-1933.</subfield>
	</datafield>
	<datafield ind1=" " ind2=" " tag="300">
		<subfield code="a">online resource (2 volumes) :</subfield>
		<subfield code="b">portrait</subfield>
	</datafield>
	<datafield ind1=" " ind2=" " tag="336">
		<subfield code="a">text</subfield>
		<subfield code="2">rdacontent</subfield>
	</datafield>
	<datafield ind1=" " ind2=" " tag="337">
		<subfield code="a">computer</subfield>
		<subfield code="2">rdamedia</subfield>
	</datafield>
	<datafield ind1=" " ind2=" " tag="338">
		<subfield code="a">online resource</subfield>
		<subfield code="2">rdacarrier</subfield>
	</datafield>
	<datafield ind1="1" ind2=" " tag="490">
		<subfield code="6">880-04</subfield>
		<subfield code="a">Silsilat al-kashshāf al-adabīyah ;</subfield>
		<subfield code="v">1-2</subfield>
	</datafield>
	<datafield ind1=" " ind2=" " tag="500">
		<subfield code="a">Part of the Arabic Collections Online (ACO) project, contributed by Columbia University Libraries.</subfield>
	</datafield>
	<datafield ind1=" " ind2=" " tag="504">
		<subfield code="a">Includes bibliographical references.</subfield>
	</datafield>
	<datafield ind1=" " ind2=" " tag="500">
		<subfield code="a">Includes selections from the poetry of Abū Nuwās.</subfield>
	</datafield>
	<datafield ind1="1" ind2=" " tag="505">
		<subfield code="a">Al-Qism 1. Dirāsah wa-naqd -- al-Qism 2. Mukhtārāt min shiʻrihi.</subfield>
	</datafield>
	<datafield ind1=" " ind2=" " tag="533">
		<subfield code="a">Electronic reproduction.</subfield>
		<subfield code="b">New York, N.Y. :</subfield>
		<subfield code="c">New York University,</subfield>
		<subfield code="d">2017.</subfield>
		<subfield code="5">NNU</subfield>
	</datafield>
	<datafield ind1="0" ind2="0" tag="600">
		<subfield code="6">880-05</subfield>
		<subfield code="a">Abū Nuwās,</subfield>
		<subfield code="d">approximately 756-approximately 810.</subfield>
	</datafield>
	<datafield ind1="0" ind2="7" tag="600">
		<subfield code="a">Abū Nuwās,</subfield>
		<subfield code="d">approximately 756-approximately 810.</subfield>
		<subfield code="2">fast</subfield>
		<subfield code="0">(OCoLC)fst01803251</subfield>
	</datafield>
	<datafield ind1="0" ind2="2" tag="700">
		<subfield code="6">880-06</subfield>
		<subfield code="a">Abū Nuwās,</subfield>
		<subfield code="d">approximately 756-approximately 810.</subfield>
		<subfield code="t">Works.</subfield>
		<subfield code="k">Selections.</subfield>
		<subfield code="f">1932. </subfield>
	</datafield>
	<datafield ind1="2" ind2=" " tag="710">
		<subfield code="a">Columbia University.</subfield>
		<subfield code="b">Libraries.</subfield>
	</datafield>
	<datafield ind1="0" ind2=" " tag="730">
		<subfield code="a">Arabic Collections Online.</subfield>
	</datafield>
	<datafield ind1="0" ind2="8" tag="776">
		<subfield code="i">Print version:</subfield>
		<subfield code="a">Farrūkh, ʻUmar, 1906-1987.</subfield>
		<subfield code="t">Abū Nuwās</subfield>
		<subfield code="w">(NNC)8864344</subfield>
		<subfield code="w">(OCoLC)46309830</subfield>
	</datafield>
	<datafield ind1=" " ind2="0" tag="830">
		<subfield code="6">880-07</subfield>
		<subfield code="a">Silsilat al-kashshāf al-adabīyah ;</subfield>
		<subfield code="v">1-2.</subfield>
	</datafield>
	<datafield ind1="4" ind2="0" tag="856">
		<subfield code="u">http://hdl.handle.net/2333.1/pvmcvkx4</subfield>
	</datafield>
	<datafield ind1="1" ind2=" " tag="880">
		<subfield code="6">100-01/r</subfield>
		<subfield code="a">فروخ، عمر،</subfield>
		<subfield code="d">1906-</subfield>
	</datafield>
	<datafield ind1="1" ind2="0" tag="880">
		<subfield code="6">245-02/r</subfield>
		<subfield code="a">ابو نواس :</subfield>
		<subfield code="b">شاعر هارون الرشيد ومحمد الامين /</subfield>
		<subfield code="c">تأليف عمر فروخ.</subfield>
	</datafield>
	<datafield ind1=" " ind2=" " tag="880">
		<subfield code="6">260-03/r</subfield>
		<subfield code="a">بيروت :</subfield>
		<subfield code="b">مكتبة الكشاف،</subfield>
		<subfield code="c">1932-1933.</subfield>
	</datafield>
	<datafield ind1="1" ind2=" " tag="880">
		<subfield code="6">490-04/r</subfield>
		<subfield code="a">سلسلة الكشاف الادبية ؛</subfield>
		<subfield code="v">1-2</subfield>
	</datafield>
	<datafield ind1="0" ind2="4" tag="880">
		<subfield code="6">600-05/r</subfield>
		<subfield code="a">ابو نواس،</subfield>
		<subfield code="d">approximately 756-approximately 810.</subfield>
	</datafield>
	<datafield ind1="0" ind2="2" tag="880">
		<subfield code="6">700-06/r</subfield>
		<subfield code="a">ابو نواس،</subfield>
		<subfield code="d">approximately 756-approximately 810.</subfield>
		<subfield code="t">Works.</subfield>
		<subfield code="k">Selections.</subfield>
		<subfield code="f">1932. </subfield>
	</datafield>
	<datafield ind1=" " ind2="0" tag="880">
		<subfield code="6">830-07/r</subfield>
		<subfield code="a">سلسلة الكشاف الادبية ؛</subfield>
		<subfield code="v">1-2.</subfield>
	</datafield>
	<datafield ind1=" " ind2=" " tag="959">
		<subfield code="a">NNU</subfield>
		<subfield code="b">WEB</subfield>
		<subfield code="c">GENI</subfield>
		<subfield code="t">0</subfield>
		<subfield code="m">Electronic access</subfield>
		<subfield code="s">01</subfield>
	</datafield>
	<datafield ind1=" " ind2=" " tag="999">
		<subfield code="i">NNC_8864344</subfield>
		<subfield code="o">(OCoLC)ocm46309830</subfield>
		<subfield code="s">columbia_aco002601:v.2</subfield>
		<subfield code="e">(ERROR-880)</subfield>
		<subfield code="s">columbia_aco002601:v.2</subfield>
	</datafield>
</record>
